-------------------------------------------------------------------------------
Proyectos terminales
-------------------------------------------------------------------------------

@misc{Ledesma03,
	author             = "Ledesma Rojas, Edgar Ulises",
	title              = "Caracterización y clasificación de señales EEG usando herramientas DSP para la toma de decisiones asistida por computadora",
	howpublished       = "Tesis para obtener el título de Ingeniero en Computación, Facultad de Ingeniería, Universidad Nacional Autónoma de México Ciudad Universitaria, México",
	year               = "2003"
},

%mia
@misc{Rodriguez10,
	author             = "Pérez Sánchez, Héctor Ramiro",
	title              = "Diseño e implementación de una aplicación para la Administración de una Red en 1.0 Linux",
	howpublished       =  "Proyecto terminal, División de Ciencias Básicas e 
                        Ingeniería, Universidad Autónoma Metropolitana 
                        Azcapotzalco, México",
    year               = "2010"
},
%mia
@misc{Garduno11,
	author             = "Arteaga Franco, Heladio ",
	title              = "Diseño e Implementación de una Aplicación para la Administración del una Red en el SO Linux",
	howpublished       =  "Proyecto terminal, División de Ciencias Básicas e 
                        Ingeniería, Universidad Autónoma Metropolitana 
                        Azcapotzalco, México",
    year               = "2010"
},
@misc{Alcantara15,
	author             = "Ozuna Cruz, Jorge Alberto",
	title              = "Sistema para la visualización gráfica de
   la topologı́a de una red de computadoras",
	howpublished       =  "Proyecto terminal, División de Ciencias Básicas e 
                        Ingeniería, Universidad Autónoma Metropolitana 
                        Azcapotzalco, México",
    year               = "2014"
},
@misc{Marin11,
	author             = "Marín Sánchez, Luis Alberto",
	title              = "Diseño y desarrollo de una aplicación gráfica para la configuración de redes virtuales de área local en un sistema operativo LINUX",
	howpublished       =  "Trabajo terminal, Escuela Superior de Cómputo 
                        , Instituto Politécnico Nacional 
                        , México",
    year               = "2011"
},
@misc{Zarate11,
	author             = "Zárate Aviña, Jorge ",
	title              = "HERRAMIENTAS DE SOFTWARE LIBRE PARA EL MONITOREO DE ACTIVIDADES DE USUARIOS EN REDES LAN",
	howpublished       =  "Trabajo terminal, Escuela Superior de Cómputo 
                        , Instituto Politécnico Nacional 
                        , México",
    year               = "2011"
},
@misc{Garcia08,
	author             = "García del Valle, David",
	title              = "Análisis de rendimiento de servidores de telefonía IP en plataforma de software libre",
	howpublished       =  "Trabajo terminal, Escuela Superior de Cómputo 
                        , Instituto Politécnico Nacional 
                        , México",
    year               = "2008"
},
@misc{Chacon14,
	author             = "Chacon Arenas, Luis Antonio",
	title              = "Sistema Embebido para Procesamiento Digital de Señales (SEPRODIS)",
	howpublished       =  "Trabajo terminal, Escuela Superior de Cómputo 
                        , Instituto Politécnico Nacional 
                        , México",
    year               = "2014"
},

-------------------------------------------------------------------------------
Tesis
-------------------------------------------------------------------------------
Tesis de maestría
@mastersthesis{Nin1992,
  author        = "Nin C. Loh",
  title         = "High-Resolution Micromachined Interferometric
                   Accelerometer",
  school        = "Massachusetts Institute of Technology",
  address       = "Cambridge",
  year          = "1992"
},

Tesis de doctorado
@phdthesis{Li2000,
  author        = "Q. Li",
  title         = "Delay Characterization and Performance Control of
                   Wide-area Networks",
  school        = "Univ. de Delaware",
  address       = "Newark",
  month         = may,
  year          = "2000",
  url           = "http://www.ece.udel.edu/~qli"
}

-------------------------------------------------------------------------------
Artículos
-------------------------------------------------------------------------------
Revista
@ARTICLE{Gimarc1987,
  author        = "C. E. Gimarc and V. M. Milutinovic",
  journal       = "Computer",
  title         ="A Survey of RISC Processors and Computers of the Mid-1980s",
  year          ="1987",
  volume        ="20",
  number        ="9",
  pages         ="59-69",
  doi           ="10.1109/MC.1987.1663695",
  ISSN          ="0018-9162",
  month         ="sep",
},

Revista
@ARTICLE{Dino2018,
  author        = "Dino Dvorak and Andrea Shang and Samah Abdel-Baki",
  journal       = "IEEE Transactions on Neural Systems and Rehabilitation Engineering",
  title         ="Cognitive behavior classification from scalp EEG signals",
  year          ="2018",
  volume        ="99",
  number        ="1",
  pages         ="1-1",
  doi           ="10.1109/TNSRE.2018.2797547",
  ISSN          ="1558-0210",
  month         =jan,
},

Conferencia
@inproceedings{Gupta1997,
  author        = "R. K. Gupta and S. D. Senturia",
  title         = "Pull-in Time Dynamics as a Measure of Absolute Pressure",
  booktitle     = "Proc. {IEEE} International Workshop on
                   Microelectromechanical Systems ({MEMS}'97)",
  address       = "Nagoya, Japón",
  month         = jan,
  year          = "1997",
  pages         = "290-294"
},

Conferencia
@inproceedings{Marquez2013,
  author        = "Alejandro P. Marquez L. and Roberto Munoz G",
  title         = "Analysis and classification of electroencephalographic signals (EEG) to identify arm movements",
  booktitle     = "2013 10th International Conference on Electrical Engineering, Computing Science and Automatic Control (CCE)",
  address       = "Ciudad de México, México",
  month         = sep,
  year          = "2013",
  pages         = ""
},

Libro
@BOOK{wavelets,
  author        = "Teolis, Anthony",
  title         = "Computational signal processing
                    with wavelets",
  edition       = "1",
  address         = "U.S.A",
  year          = "1998"
},

-------------------------------------------------------------------------------
Software
-------------------------------------------------------------------------------

@electronic{ns2,
  title         = "Network Simulator---ns (Version 3)",
  url           = "https://www.nsnam.org/",
  key           = "ns"
},

@electronic{oms,
  title         = "Organización Mundial de la Salud",
  url           = "http://www.who.int/mediacentre/news/releases/2007/pr04/es/",
  key           = "OMS"
},

@electronic{matlab,
  title         = "MATLAB",
  url           = "https://la.mathworks.com/pricing-licensing.html?intendeduse=comm\&s\_tid=htb\_learn\_gtwy\_cta1",
  key           = "MAT"
},

@electronic{proMat,
  title         = "Programador de MATLAB",
  url           = "https://www.glassdoor.com/Salary/Nirvana-Enterprises-Programmer-Analyst-Matlab-Salaries-E423181\_DAO.htm?filter.jobTitleExact=Programmer+Analyst+\%28Matlab\%29",
  key           = "Progra MATLAB"
},

@electronic{proVHDL,
  title         = "Programador de VHDL",
  url           = "https://www.glassdoor.com/Salaries/vhdl-programmer-salary-SRCH\_KO0,15.htm",
  key           = "Progra VHDL"
},

@electronic{FPGA,
  title         = "FPGA",
  url           = "https://store.digilentinc.com/fpga-programmable-logic/",
  key           = "fpga"
},

@electronic{cbi,
  title         = "División de Ciencias Básicas e Ingeniería",
  url           = "http://www.cbi.azc.uam.mx",
  year          = "2012",
  key           = "CBI"
}

@electronic{algo,
  title         = "División de Ciencias Básicas e Ingeniería",
  url           = "http://www.cbi.azc.uam.mx",
  year          = "2012",
  key           = "CBI"
}
